% ================================
% BIBLIOGRAPHY TEMPLATE
% ================================
% Copy and modify these templates for your references

% ================================
% ARTICLES
% ================================

% Android statistics
@misc{android_stats,
    author = {StatCounter},
    title = {Mobile Operating System Market Share Worldwide},
    year = {2024},
    url = {https://gs.statcounter.com/os-market-share/mobile/worldwide},
    note = {Retrieved October 2024}
}

% Android history
@misc{android_history,
    author = {Google},
    title = {History of Android},
    year = {2023},
    url = {https://www.android.com/intl/en_us/history},
    note = {Retrieved October 2024}
}

% Android CVEs
@misc{android_cves,
    author = {MITRE Corporation},
    title = {Android Common Vulnerabilities and Exposures Database},
    year = {2023},
    url = {https://cve.mitre.org/cgi-bin/cvekey.cgi?keyword=android},
    note = {Retrieved October 2024}
}

% Standard journal article
@article{example_article,
    author = {Smith, John and Doe, Jane},
    title = {Title of the Journal Article},
    journal = {Journal Name},
    year = {2023},
    volume = {15},
    number = {3},
    pages = {123--145},
    doi = {10.1234/example.doi}
}

% Article in collection
@article{example_collection,
    author = {Author, A.},
    title = {Article in Collection},
    journal = {Special Issue Title},
    year = {2023},
    volume = {20},
    number = {2},
    pages = {50--75}
}

% ================================
% CONFERENCES
% ================================

% Conference paper
@inproceedings{example_conference,
    author = {Author, A. and Author, B.},
    title = {Conference Paper Title},
    booktitle = {Proceedings of the International Conference on [Topic]},
    year = {2023},
    pages = {100--115},
    publisher = {Publisher},
    location = {Location}
}

% Conference workshop
@inproceedings{example_workshop,
    author = {Author, A.},
    title = {Workshop Paper Title},
    booktitle = {Proceedings of the Workshop on [Topic]},
    year = {2023},
    pages = {10--25}
}

% ================================
% BOOKS AND CHAPTERS
% ================================

% Book
@book{example_book,
    author = {Author, John},
    title = {Book Title: Subtitle},
    publisher = {Publisher Name},
    address = {City, Country},
    year = {2023},
    edition = {3rd},
    isbn = {978-0-123456-78-9}
}

% Book chapter
@incollection{example_chapter,
    author = {Author, A.},
    title = {Chapter Title},
    booktitle = {Book Title},
    publisher = {Publisher},
    year = {2023},
    editor = {Editor, E.},
    pages = {150--200},
    chapter = {5}
}

% ================================
% TECHNICAL REPORTS
% ================================

@techreport{example_report,
    author = {Author, A. and Team},
    title = {Technical Report Title},
    institution = {Institution Name},
    address = {Location},
    year = {2023},
    number = {Report-2023-001},
    type = {Technical Report}
}

% ================================
% ONLINE RESOURCES
% ================================

% Website
@online{example_website,
    author = {Organization Name},
    title = {Webpage Title},
    year = {2023},
    url = {https://example.com/resource},
    urldate = {2023-12-01},
    note = {Last accessed: 2023-12-01}
}

% Preprint
@article{example_preprint,
    author = {Author, A.},
    title = {Preprint Title},
    journal = {arXiv preprint},
    year = {2023},
    archivePrefix = {arXiv},
    eprint = {2301.01234},
    primaryClass = {cs.LG}
}

% ================================
% SOFTWARE
% ================================

@software{example_software,
    author = {Author, A.},
    title = {Software Package},
    year = {2023},
    url = {https://github.com/author/package},
    version = {1.0}
}

% ================================
% STANDARDS
% ================================

@misc{example_standard,
    author = {Standards Organization},
    title = {Standard Title and Number},
    year = {2023},
    note = {ISO/IEC 12345:2023}
}

% ================================
% THESIS
% ================================

% PhD thesis
@phdthesis{example_thesis,
    author = {Author, A.},
    title = {Thesis Title: Subtitle},
    school = {University Name},
    year = {2023},
    address = {City, Country}
}

% ================================
% HOW TO USE THESE REFERENCES
% ================================
% In your LaTeX document:
% 1. Cite once: \cite{example_article}
% 2. Cite with parentheses: \parencite{example_article}
% 3. Cite with footnote: \footcite{example_article}
% 4. Multiple citations: \cite{example1,example2,example3}
